
@misc{silva2024github,
  author       = {Alex Silva},
  title        = {artificial\_intelligence\_final\_project},
  year         = {2024},
  howpublished = {\url{https://github.com/AlexSilvaa9/artificial\_intelligence\_final\_project}},
  note         = {Último acceso: 1 octubre 2024}
}

@article{vaswani2017attention,
  title={Attention is All You Need},
  author={Vaswani, Ashish and Shazeer, Noam and Parmar, Niki and Uszkoreit, Jakob and Jones, Llion and Gomez, Aidan N and Kaiser, Łukasz and Polosukhin, Ilya},
  journal={Advances in Neural Information Processing Systems},
  volume={30},
  year={2017},
  url={https://arxiv.org/abs/1706.03762}
}

@article{lizongquan2024tefdta,
  title={TEFDTA: a transformer encoder and fingerprint representation combined prediction method for bonded and non-bonded drug–target affinities},
  author={Li, Zongquan and Li, Xue and Zhang, Miao and Liu, Ruiming and Liang, Yi and Sun, Yanjun and Zhang, Qing and Li, Qun},
  journal={Bioinformatics},
  volume={40},
  number={1},
  pages={btad778},
  year={2024},
  publisher={Oxford University Press},
  doi={10.1093/bioinformatics/btad778},
  url={https://academic.oup.com/bioinformatics/article/40/1/btad778/7492659#477190003},
  pdf={https://academic.oup.com/bioinformatics/article-pdf/40/1/btad778/58740337/btad778.pdf},
  code={https://github.com/lizongquan01/TEFDTA},
  dataset={https://github.com/lizongquan01/TEFDTA},
  scholar={https://scholar.google.com/scholar?hl=es&as_sdt=0%2C5&q=TEFDTA%3A+a+transformer+encoder+and+fingerprint+representation+combined+prediction+method+for+bonded+and+non-bonded+drug%E2%80%93target+affinities&btnG=}
}
